<record><leader>00000cas a22000007a 4500</leader><controlfield tag="001">16071908</controlfield><controlfield tag="008">870625d18941918txudr ne      0    0eng d</controlfield><datafield ind1=" " ind2=" " tag="010"><subfield code="a">sn 87090387 </subfield></datafield><datafield ind1=" " ind2=" " tag="040"><subfield code="a">PPM</subfield><subfield code="b">eng</subfield><subfield code="c">PPM</subfield><subfield code="d">DLC</subfield><subfield code="d">OCLCQ</subfield></datafield><datafield ind1=" " ind2=" " tag="042"><subfield code="a">msc</subfield></datafield><datafield ind1="0" ind2="0" tag="245"><subfield code="a">Waco morning news.</subfield></datafield><datafield ind1=" " ind2=" " tag="260"><subfield code="a">Waco, Tex. :</subfield><subfield code="b">[s.n.]</subfield></datafield><datafield ind1=" " ind2=" " tag="310"><subfield code="a">Daily</subfield></datafield><datafield ind1="1" ind2=" " tag="362"><subfield code="a">Began in 1894.</subfield></datafield><datafield ind1="0" ind2=" " tag="362"><subfield code="a">-v. 7, no. 221 (May 19, 1918).</subfield></datafield><datafield ind1=" " ind2=" " tag="588"><subfield code="a">Description based on: Vol. 6, no. 77 (Jan. 1, 1917).</subfield></datafield><datafield ind1=" " ind2=" " tag="752"><subfield code="a">United States</subfield><subfield code="b">Texas</subfield><subfield code="c">McLennan</subfield><subfield code="d">Waco.</subfield></datafield><datafield ind1="0" ind2=" " tag="775"><subfield code="t">Semi-weekly news</subfield><subfield code="w">(DLC)sn 87090394</subfield></datafield><datafield ind1="0" ind2="0" tag="780"><subfield code="t">Waco evening news (Waco, Tex. : 1891)</subfield><subfield code="x">2159-3876</subfield><subfield code="w">(DLC)sn 86088201</subfield><subfield code="w">(OCoLC)13999296</subfield></datafield><datafield ind1="0" ind2="7" tag="785"><subfield code="t">Waco daily tribune</subfield><subfield code="w">(DLC)sn 87090850</subfield></datafield><datafield ind1="0" ind2="7" tag="785"><subfield code="t">Waco semi-weekly tribune</subfield><subfield code="w">(DLC)sn 86090552</subfield></datafield><datafield ind1="0" ind2="7" tag="785"><subfield code="t">Waco news-tribune</subfield><subfield code="w">(DLC)sn 86090553</subfield></datafield><datafield ind1="1" ind2=" " tag="029"><subfield code="a">AU@</subfield><subfield code="b">000025825277</subfield></datafield></record>